% Encoding: UTF-8

@Book{hodasevitsh1997,
  title    = {Собрание сочинений в четырех томах. Т.4, Некрополь, Воспоминания, Письма},
  year     = {1997},
  author   = {Ходасевич, В.Ф.},
  abstract = {112, kommentoi aikalaisena Сологуб tuotantoa},
}
@article{bagno2016,
	author={Багно, Б.Е. and Мисникевич, Т.В.},
	year={2016},
	title={Уроки фрнацузского (неизшестные переводы Федора Сологуба и становление Русского декаденстсва)},
	journal={Русская литература},
	number={1},
	pages={23-41},
	note={spekuloi sillä, miten aikaisin Sologb oli tietoinen ranskalaisesta modernismista, uusien löydettyjen käännösten avulla. Vertailee käännöstä oroginaaliin ranskalaiseen runoon.},
	url={https://elibrary-ru.libproxy.helsinki.fi/item.asp?id=25462119}
}
@book{SKS2007,
	author={Satu Höyhtyä and Urpo Kovala and Pekka Kujamäki and Anne-Maria Latikka and Outi Paloposki and H. K. Riikonen},
	year={2007},
	title={Suomennoskirjallisuuden historia. 2},
	publisher={Suomalaisen Kirjallisuuden Seura},
	address={Helsinki},
	isbn={978-951-746-889-3 koko teos},
	langid={finnish},
	url={https://helka.finna.fi/Record/helka.2040654}
}

@Book{hansson1976,
  title    = {Fedor Sologub och sagotraditionen: med ett urval av Sologubs sagor},
  year     = {1976},
  author   = {Carola Hansson},
  address  = {Stockholm},
  language = {swe},
  pages    = {30 sivua},
  url      = {https://helka.finna.fi/Record/helka.2040578},
}
@book{Greene1986,
	author={Diana Greene},
	year={1986},
	title={Insidious intent: an interpretation of Fedor Sologub's "The petty demon"},
	publisher={Slavica},
	address={Columbus, OH},
	pages={140 sivua},
	isbn={0-89357-158-X},
	language={eng},
	url={https://helka.finna.fi/Record/helka.32997}
}
@book{pavlova2007,
	author={Павлова, Маргарита Михайловна},
	year={2007},
	title={Писатель-инспектор: Федор Сологуб и Ф. К. Тетерников},
	publisher={Новое литературное обозрение},
	address={Моосква}
}
@article{lehti:sologub1928,
	author={Sologub, Fjodor Kuzmič},
	year={1928},
	month={December 15},
	title={En undersökning},
	journal={Allas Krönika},
	number={50-51},
	pages={20},
	note={Обыск},
	isbn={FK00-085},
	url={https://digi.kansalliskirjasto.fi/aikakausi/binding/735687?page=20}
}
@book{akerstrom2015,
	author={Hans Åkerström},
	year={2015},
	title={Bibliografi över rysk skönlitteratur översatt till svenska},
	publisher={Acta Bibliothecae Universitatis Gothoburgensis},
	address={Göteborg},
	pages={685 sivua},
	isbn={91-85206-34-2 nidottu},
	language={swe; rus},
	url={http://hdl.handle.net/2077/21020},
	doi={24.1.2018}
}
@book{thomassen1948,
	author={Ejnar Thomassen},
	year={1948},
	title={Rysk litteratur under 200 år},
	publisher={Forum},
	address={Stockholm},
	pages={423 sivua},
	language={swe},
	url={https://helka.finna.fi/Record/helka.523600}
}
@misc{lehti:sologub1905:uudenkaupungin,
	author={Sologub, Fjodor Kuzmič},
	year={1905},
	month={September 9},
	title={Karitsa},
	journal={Uudenkaupungin Sanomat},
	number={102},
	pages={2},
	note={ID: 730509},
	isbn={0356-1860},
	language={Finnish},
	url={https://digi.kansalliskirjasto.fi/sanomalehti/binding/730509?page=2}
}
@misc{lehti:sologub1905:kaleva,
	author={Sologub, Fjodor Kuzmič},
	year={1905},
	month={07.09.},
	title={Lammas},
	journal={Kaleva},
	number={207},
	pages={4},
	note={ID: 640064},
	isbn={0356-1356},
	language={Finnish},
	url={https://digi.kansalliskirjasto.fi/sanomalehti/binding/640064?page=4}
}
@book{pym1998,
	author={Anthony Pym},
	year={1998},
	title={Method in translation history},
	publisher={St. Jerome},
	address={Manchester},
	pages={220 sivua},
	isbn={9781900650120},
	language={eng},
	url={https://helka.finna.fi/Record/helka.1116500}
}
@book{hellman2008,
	author={Ben Hellman},
	year={2008},
	title={Puškinista Peleviniin: venäläisen kaunokirjallisuuden suomennosten bibliografia 1876–2007},
	publisher={Helsingin yliopisto},
	address={Helsinki},
	pages={410 sivua},
	isbn={978-952-10-5036-7},
	language={fin; rus},
	url={https://helka.finna.fi/Record/helka.2134981}
}

@Book{ref:sologub2001,
  title     = {Собрание сочинений: в шести томах. Том 2, Мелкий бес: Роман. Рассказы. Сказочки. Статьи.},
  publisher = {НПК Интелвак},
  year      = {2001},
  author    = {Федор Сологуб},
  address   = {Москва},
  note      = {Мелкий бес},
  language  = {Russian},
}

@Book{ref:sologub2000,
  title     = {Собрание сочинений: в шести томах. Том 1, Тяжелые сны: Роман. Рассказы.},
  publisher = {НПК Интелвак},
  year      = {2000},
  author    = {Федор Сологуб},
  address   = {Москва},
  note      = {Lammas, Karitsa, Баранчик, 488, 659},
}
@book{peterson1993,
	author={Peterson, Ronald E.},
	year={1993},
	title={A history of Russian symbolism},
	publisher={Benjamins},
	address={Amsterdam},
	pages={254 sivua},
	isbn={90-272-1534-0 sidottu},
	language={eng},
	url={https://helka.finna.fi/Record/helka.541838}
}
@book{robertdeman1982,
	author={Jauss, Hans Robert and De Man, Paul},
	year={1982},
	title={Toward an aesthetic of reception},
	publisher={Harvester Press},
	address={Brighton},
	pages={231 sivua},
	isbn={0-7108-0394-X nidottu},
	language={eng},
	url={https://helka.finna.fi/Record/helka.438399}
}
{ref:sologub1918,
	author={Sologub, Fjodor Kuzmič},
    translator={Anttila, Werneri},
	year={1918},
	title={Riivattu: romaani},
	publisher={Arvi A. Karisto},
	address={Hämeenlinna},
	%note={Fjodor Sologub ; 7. venäläisestä painoksesta suomentanut Werner Anttila},
    langid={finnish},
    keywords={primary},
	url={https://helka.finna.fi/Record/helka.1086566}
}
@book{artjunova1983,
        author={Артюнова, Н.Д. and Ширяев, Е.Н.},
        year={1983},
        title={Русское предложение. Бытийный тип (структура и значение).},
        publisher={Русский язык},
        address={М.},
        langid={russian}
}
@book{ljustrova1976,
        author={Люстрова, З.Н. and Скворцов, Л.И. and Дерягин, В.Я.},
        year={1976},
        title={Беседы о русском слове},
        publisher={Знание},
        address={М.},
        langid={russian}
}
@article{kobrinski2013,
	author={Кобринксий, Александр Аркадьевич},
	year={2013},
	title={Из комментариев к «Мелкому бесу»},
	journal={Русская литература},
	number={4},
	pages={57-62},
	url={https://elibrary-ru.libproxy.helsinki.fi/item.asp?id=20458587},
    langid={russian}
}

@book{
hutchings1997,
title = {Russian modernism : the transfiguration of the everyday},
series = {Cambridge studies in Russian literature},
author = {Hutchings, Stephen C.},
address = {Cambridge Eng. ; New York},
publisher = {Cambridge University Press},
year = {1997},
pages = {295},
}

@article{shapir2007,
  author  = {М. Шапир },
  title   = {Символическая заумь Федора Сологуба: между ложью и фантазией},
  journal = {Вопросы литературы},
  year    = 2007,
  number  = 3,
  pages   = {211--221},
  note    = {},
}

@InBook{manifesty2017,
  chapter   = {1},
  pages     = {12},
  title     = {Литературные манифесты и декларации русского модернизма},
  publisher = {Пушкинский дом},
  year      = {2017},
  author    = {tuntematon},
  editor    = {Герасимов, Ю.К. and Гончарова, Е.И.},
  date      = {2017},
  location  = {СПБ.},
}

@book{
   iljev1991,
   author = {Ильев, С.П.},
   title = {Русский символистский роман: аспекты поэтики},
   address = {Киев},
   publisher = {Лыбидь},
   year = {1991},
}

@incollection{grigorjev1983,
  author       = {Григорьев, А.Л. and Гречишкин, С.С.}, 
  title        = {Символизм},
  booktitle    = {История русской литературы: в четырех томах. Том 4, Литература конца XIX — начала XX века (1881—1917)},
  pages        = {419--479},
  publisher    = {Наука},
  editor       = {К.Д. Муратова},
  year         = 1983,
  address      = {Л.},
}

@Book{sologub2004,
  title     = {Мелкий бес},
  publisher = {Наука},
  year      = {2004},
  author    = {Федор Сологуб},
  editor    = {М.М. Павлова},
  series    = {Литературные памятники},
  address   = {СПБ.},
  langid    = {rus},
}

@Comment{jabref-meta: databaseType:bibtex;}
